<record xmlns:xsi="http://www.w3.org/2001/XMLSchema-instance" xmlns="http://www.loc.gov/MARC21/slim" xsi:schemaLocation="http://www.loc.gov/MARC21/slim http://www.loc.gov/standards/marcxml/schema/MARC21slim.xsd">

  <leader>00725nam a2200229Ia 4500</leader>
  <datafield ind1=" " ind2=" " tag="999">
    <subfield code="c">62</subfield>
    <subfield code="d">62</subfield>
  </datafield>
  <controlfield tag="008">150720b1996    u  ||||| |||| 00| | eng d</controlfield>
  <datafield ind2=" " tag="020" ind1=" ">
    <subfield code="a">0873674855</subfield>
  </datafield>
  <datafield ind1=" " ind2=" " tag="090">
    <subfield code="a">06.03.01 </subfield>
    <subfield code="b">419</subfield>
  </datafield>
  <datafield ind1="1" tag="100" ind2=" ">
    <subfield code="a">Walling, Donovan R.</subfield>
    <subfield code="9">393</subfield>
  </datafield>
  <datafield ind1="1" tag="245" ind2="0">
    <subfield code="a">Open lives : Safe schools : Addressing gay and lesbian issues in education</subfield>
  </datafield>
  <datafield ind2=" " tag="260" ind1=" ">
    <subfield code="a">Indiana, Estados Unidos : </subfield>
    <subfield code="b">Phi Delta Kappa Educational Foundation, </subfield>
    <subfield code="c">1996</subfield>
  </datafield>
  <datafield tag="300" ind2=" " ind1=" ">
    <subfield code="a">283 páginas</subfield>
  </datafield>
  <datafield ind1="1" tag="650" ind2="4">
    <subfield code="a">SISTEMAS DE ENSEÑANZA</subfield>
    <subfield code="9">401</subfield>
  </datafield>
  <datafield ind1="1" ind2="4" tag="650">
    <subfield code="a">HOMOSEXUALIDAD</subfield>
    <subfield code="9">402</subfield>
  </datafield>
  <datafield ind1="1" tag="650" ind2="4">
    <subfield code="a">EDUCACIÓN INCLUSIVA</subfield>
    <subfield code="9">2</subfield>
  </datafield>
  <datafield tag="650" ind2="4" ind1="1">
    <subfield code="a">HOMOFOBIA</subfield>
    <subfield code="9">403</subfield>
  </datafield>
  <datafield ind1="1" ind2="4" tag="650">
    <subfield code="a">CURRÍCULO (EDUCACIÓN)</subfield>
    <subfield code="9">342</subfield>
  </datafield>
  <datafield ind1="1" tag="650" ind2="4">
    <subfield code="a">FAMILIA</subfield>
    <subfield code="9">404</subfield>
  </datafield>
  <datafield ind1="1" ind2="4" tag="650">
    <subfield code="a">PADRES</subfield>
    <subfield code="9">405</subfield>
  </datafield>
  <datafield tag="650" ind2="4" ind1="1">
    <subfield code="a">ESTILOS DE VIDA</subfield>
    <subfield code="9">1765</subfield>
  </datafield>
  <datafield tag="942" ind2=" " ind1=" ">
    <subfield code="2">z</subfield>
    <subfield code="c">01</subfield>
  </datafield>
</record>